% Encoding: UTF-8

@Book{Fitzgerald2009,
  title         = {Electric machinery},
  publisher     = {McGraw-Hill},
  year          = {2009},
  author        = {Arthur E. Fitzgerald and Charles Kingsley and Stephen D. Umans},
  series        = {McGraw-Hill series in electrical and computer engineering},
  address       = {Boston, Mass. [u.a.]},
  edition       = {6. ed., international ed., [Nachdr.]},
  isbn          = {0071121935},
  __markedentry = {[Alexandre:6]},
  pagetotal     = {XV, 688},
  ppn_gvk       = {571055028},
}

@Book{Martin2015,
  title     = {A Guerra dos Tronos. As Crônicas de Gelo e Fogo - Livro 1 (Em Portuguese do Brasil)},
  publisher = {Leya},
  year      = {2015},
  author    = {George R. R. Martin},
  isbn      = {8544102921},
  url       = {https://www.amazon.com/Guerra-Tronos-Cr%C3%B4nicas-Gelo-Fogo/dp/8544102921?SubscriptionId=0JYN1NVW651KCA56C102&tag=techkie-20&linkCode=xm2&camp=2025&creative=165953&creativeASIN=8544102921},
}

@Book{Orwell2005,
  title     = {A Revolução dos Bichos (Em Portuguese do Brasil)},
  publisher = {Editora Companhia das letras},
  year      = {2005},
  author    = {George Orwell},
  isbn      = {8535909559},
  url       = {https://www.amazon.com/Revolu%C3%A7%C3%A3o-dos-Bichos-Portuguese-Brasil/dp/8535909559?SubscriptionId=0JYN1NVW651KCA56C102&tag=techkie-20&linkCode=xm2&camp=2025&creative=165953&creativeASIN=8535909559},
}

@Comment{jabref-meta: databaseType:bibtex;}
