@book{java,
	Author = {Herbert Schildt},
	Title = {Java Para Iniciantes},
	Publisher = {Bookman},
	Year = {2015},
	ISBN = {8582603363},
	URL = {https://www.amazon.com/Java-Para-Iniciantes-Herbert-Schildt/dp/8582603363?SubscriptionId=AKIAIOBINVZYXZQZ2U3A&tag=chimbori05-20&linkCode=xm2&camp=2025&creative=165953&creativeASIN=8582603363}
}